ISA*00*          *00*          *30*582574363      *30*275518339      *250125*1100*^*00501*000017020*0*P*:~
GS*HP*52189*275518339*20250125*1100*17020*X*005010X221A1~
ST*835*0001~
BPR*I*2742.37*C*CHK************20250102~
TRN*1*354193286*1341858379~
DTM*405*20250102~
N1*PR*JOHNS HOPKINS HEALTH PLANS~
N3*PO BOX 927~
N4*HANOVER*MD*21076~
PER*CX*EDI SUPPORT TEAM*FX*4408355656*TE*4408353511~
PER*BL*EDI SUPPORT TEAM~
N1*PE*WALDORF WOMEN'S CARE LLC*XX*1073806089~
N3*PO BOX 1100~
N4*WHITE PLAINS*MD*20695~
REF*TJ*275518339~
LX*1~
CLP*216059P45740*1*253.76*117.64**HM*780582131*11*1~
NM1*QC*1*ROGERS*HANNAH****MI*146980320~
NM1*IL*1*ROGERS*MATTHEW****MI*146980320~
NM1*82*2*ARYIAN L COOKE*****XX*1124225222~
REF*CE*000641293~
DTM*232*20241219~
DTM*050*20241221~
PER*CX**TE*8008087347~
AMT*AU*117.64~
SVC*HC:99395*253.76*117.64**0**1~
DTM*472*20241219~
CAS*CO*45*136.12*1~
REF*6R*324194~
AMT*B6*117.64~
CLP*216196P39021*1*480.22*180.06*37*HM*573768729*11*1~
NM1*QC*1*GURLEY*CHERYL****MI*399387615~
NM1*82*2*ARYIAN L COOKE*****XX*1124225222~
REF*CE*000641293~
DTM*232*20241220~
DTM*050*20241224~
PER*CX**TE*8008087347~
AMT*AU*217.06~
SVC*HC:99213:25*206.7*55.01**0**1~
DTM*472*20241220~
CAS*CO*45*114.69*1~
CAS*PR*3*37*1~
REF*6R*324411~
AMT*B6*92.01~
SVC*HC:99396*273.52*125.05**0**1~
DTM*472*20241220~
CAS*CO*45*148.47*1~
REF*6R*324412~
AMT*B6*125.05~
CLP*215886P35938*1*480.22*180.06*37*HM*754212350*11*1~
NM1*QC*1*SHOYEB*TAMMY****MI*695566619~
NM1*IL*1*SHOYEB*SHAHIB****MI*695566619~
NM1*82*2*ARYIAN L COOKE*****XX*1124225222~
REF*CE*000641293~
DTM*232*20241212~
DTM*050*20241219~
PER*CX**TE*8008087347~
AMT*AU*217.06~
SVC*HC:99213:25*206.7*55.01**0**1~
DTM*472*20241212~
CAS*CO*45*114.69*1~
CAS*PR*3*37*1~
REF*6R*323873~
AMT*B6*92.01~
SVC*HC:99396*273.52*125.05**0**1~
DTM*472*20241212~
CAS*CO*45*148.47*1~
REF*6R*323874~
AMT*B6*125.05~
CLP*216289P59647*1*257.04*112.85**HM*859868572*11*1~
NM1*QC*1*JOHNSON*PAULA****MI*801142480~
NM1*IL*1*JOHNSON*CLIFFORD****MI*801142480~
NM1*82*2*ARYIAN L COOKE*****XX*1124225222~
REF*CE*000641293~
DTM*232*20241216~
DTM*050*20241225~
PER*CX**TE*8008087347~
AMT*AU*112.85~
SVC*HC:99203*257.04*112.85**0**1~
DTM*472*20241216~
CAS*CO*45*144.19*1~
REF*6R*324562~
AMT*B6*112.85~
CLP*216060P42981*1*253.76*117.64**HM*638215071*11*1~
NM1*QC*1*DARDEN*AMBER*R***MI*322296937~
NM1*IL*1*DARDEN*AARON*ROSE***MI*322296937~
NM1*82*2*ARYIAN L COOKE*****XX*1124225222~
REF*CE*000641293~
DTM*232*20241218~
DTM*050*20241221~
PER*CX**TE*8008087347~
AMT*AU*117.64~
SVC*HC:99395*253.76*117.64**0**1~
DTM*472*20241218~
CAS*CO*45*136.12*1~
REF*6R*324195~
AMT*B6*117.64~
CLP*216058P55515*1*253.76*117.64**HM*143721140*11*1~
NM1*QC*1*ROWAN*ELIZABETH****MI*747353680~
NM1*IL*1*ROWAN*SHANE****MI*747353680~
NM1*82*2*ARYIAN L COOKE*****XX*1124225222~
REF*CE*000641293~
DTM*232*20241218~
DTM*050*20241221~
PER*CX**TE*8008087347~
AMT*AU*117.64~
SVC*HC:99395*253.76*117.64**0**1~
DTM*472*20241218~
CAS*CO*45*136.12*1~
REF*6R*324193~
AMT*B6*117.64~
CLP*216166P10987*1*544.02*227.63**HM*825566631*11*1~
NM1*QC*1*LUCAS*TONYETTE****MI*801141597~
NM1*IL*1*LUCAS*DANIEL****MI*801141597~
NM1*82*2*ARYIAN L COOKE*****XX*1124225222~
REF*CE*000641293~
DTM*232*20241220~
DTM*050*20241224~
PER*CX**TE*8008087347~
AMT*AU*227.63~
SVC*HC:76856*254.32*106.72**0**1~
DTM*472*20241220~
CAS*CO*45*147.6*1~
REF*6R*324365~
AMT*B6*106.72~
SVC*HC:76830*289.7*120.91**0**1~
DTM*472*20241220~
CAS*CO*45*168.79*1~
REF*6R*324366~
AMT*B6*120.91~
CLP*216018P59062*1*544.02*227.63**HM*530209700*11*1~
NM1*QC*1*KILBY*LORYN****MI*684459738~
NM1*IL*1*KILBY*SETH****MI*684459738~
NM1*82*2*ARYIAN L COOKE*****XX*1124225222~
REF*CE*000641293~
DTM*232*20241218~
DTM*050*20241221~
PER*CX**TE*8008087347~
AMT*AU*227.63~
SVC*HC:76856*254.32*106.72**0**1~
DTM*472*20241218~
CAS*CO*45*147.6*1~
REF*6R*324129~
AMT*B6*106.72~
SVC*HC:76830*289.7*120.91**0**1~
DTM*472*20241218~
CAS*CO*45*168.79*1~
REF*6R*324130~
AMT*B6*120.91~
CLP*216284P36432*1*1980*1336.17**HM*813610402*11*1~
NM1*QC*1*ALEXANDER*ANGELA****MI*721814063~
NM1*IL*1*ALEXANDER*KEVIN****MI*721814063~
NM1*82*2*ARYIAN L COOKE*****XX*1124225222~
REF*CE*000641293~
DTM*232*20241219~
DTM*050*20241225~
PER*CX**TE*8008087347~
AMT*AU*1336.17~
SVC*HC:J2003*30*.16**0**20~
DTM*472*20241219~
CAS*CO*45*29.84*1~
REF*6R*324553~
AMT*B6*.16~
SVC*HC:58558*1950*1336.01**0**1~
DTM*472*20241219~
CAS*CO*45*613.99*1~
REF*6R*324554~
AMT*B6*1336.01~
CLP*216195P18080*1*273.52*125.05**HM*404808017*11*1~
NM1*QC*1*FLATLEY*MICHELLE****MI*801162371~
NM1*IL*1*FLATLEY*JOHN****MI*801162371~
NM1*82*2*ARYIAN L COOKE*****XX*1124225222~
REF*CE*000641293~
DTM*232*20241219~
DTM*050*20241224~
PER*CX**TE*8008087347~
AMT*AU*125.05~
SVC*HC:99396*273.52*125.05**0**1~
DTM*472*20241219~
CAS*CO*45*148.47*1~
REF*6R*324410~
AMT*B6*125.05~
SE*181*0001~
ST*835*0002~
BPR*I*152.93*C*CHK************20250107~
TRN*1*354522303*1341858379~
DTM*405*20250107~
N1*PR*JOHNS HOPKINS HEALTH PLANS~
N3*PO BOX 927~
N4*HANOVER*MD*21076~
PER*CX*EDI SUPPORT TEAM*FX*4408355656*TE*4408353511~
PER*BL*EDI SUPPORT TEAM~
N1*PE*WALDORF WOMEN'S CARE LLC*XX*1073806089~
N3*PO BOX 1100~
N4*WHITE PLAINS*MD*20695~
REF*TJ*275518339~
LX*1~
CLP*216658P56216*1*253.76*152.93**HM*250030972300*11~
NM1*QC*1*BARBER*YOLANDA*R***MI*10045547000~
NM1*82*2*COOKE, ARYIAN L.*****XX*1124225222~
REF*CE*EMPLOYER HEALTH PROGRAMS~
DTM*232*20241231~
DTM*050*20250103~
PER*CX**TE*4104244450~
AMT*AU*152.93~
SVC*HC:99395*253.76*152.93**1**0~
DTM*472*20241231~
CAS*CO*45*100.83*1~
REF*6R*325120~
AMT*B6*152.93~
SE*28*0002~
ST*835*0003~
BPR*I*649.21*C*CHK************20250108~
TRN*1*354637162*1341858379~
DTM*405*20250108~
N1*PR*JOHNS HOPKINS HEALTH PLANS~
N3*PO BOX 927~
N4*HANOVER*MD*21076~
PER*CX*EDI SUPPORT TEAM*FX*4408355656*TE*4408353511~
PER*BL*EDI SUPPORT TEAM~
N1*PE*WALDORF WOMEN'S CARE LLC*XX*1073806089~
N3*PO BOX 1100~
N4*WHITE PLAINS*MD*20695~
REF*TJ*275518339~
LX*1~
CLP*216454P49759*1*206.7*55.01*37*HM*285524544*11*1~
NM1*QC*1*ROBINSON*ROBIN****MI*801175423~
NM1*82*2*ARYIAN L COOKE*****XX*1124225222~
REF*CE*000642802~
DTM*232*20241217~
DTM*050*20241228~
PER*CX**TE*8008087347~
AMT*AU*92.01~
SVC*HC:99213:GT*206.7*55.01**0**1~
DTM*472*20241217~
CAS*CO*45*114.69*1~
CAS*PR*3*37*1~
REF*6R*324800~
AMT*B6*92.01~
CLP*216344P54187*1*273.52*125.05**HM*792640490*11*1~
NM1*QC*1*MADDOX*MADRIA****MI*801157173~
NM1*IL*1*MADDOX*PAUL****MI*801157173~
NM1*82*2*ARYIAN L COOKE*****XX*1124225222~
REF*CE*000642802~
DTM*232*20241223~
DTM*050*20241227~
PER*CX**TE*8008087347~
AMT*AU*125.05~
SVC*HC:99396*273.52*125.05**0**1~
DTM*472*20241223~
CAS*CO*45*148.47*1~
REF*6R*324652~
AMT*B6*125.05~
CLP*216455P22874*1*206.7*92.01**HM*015112763*11*1~
NM1*QC*1*MOSS*BRENDA****MI*136798799~
NM1*IL*1*MOSS*ROBERT****MI*136798799~
NM1*82*2*ARYIAN L COOKE*****XX*1124225222~
REF*CE*000642802~
DTM*232*20241203~
DTM*050*20241228~
PER*CX**TE*8008087347~
AMT*AU*92.01~
SVC*HC:99213:GT*206.7*92.01**0**1~
DTM*472*20241203~
CAS*CO*45*114.69*1~
REF*6R*324801~
AMT*B6*92.01~
CLP*216576P55276*1*545.2*247.39**HM*618759140*11*1~
NM1*QC*1*WYNNE*MIKAILA*M***MI*776964314~
NM1*IL*1*BARTON*ALEXANDER*J***MI*776964314~
NM1*82*2*ARYIAN L COOKE*****XX*1124225222~
REF*CE*000642802~
DTM*232*20241230~
DTM*050*20250101~
PER*CX**TE*8008087347~
AMT*AU*247.39~
SVC*HC:99214:25*291.44*129.75**0**1~
DTM*472*20241230~
CAS*CO*45*161.69*1~
REF*6R*324972~
AMT*B6*129.75~
SVC*HC:99395*253.76*117.64**0**1~
DTM*472*20241230~
CAS*CO*45*136.12*1~
REF*6R*324973~
AMT*B6*117.64~
CLP*216422P10777*1*291.44*129.75**HM*200034797*11*1~
NM1*QC*1*BACON*SANDRA****MI*801139736~
NM1*IL*1*BACON*AARON****MI*801139736~
NM1*82*2*ARYIAN L COOKE*****XX*1124225222~
REF*CE*000642802~
DTM*232*20241220~
DTM*050*20241227~
PER*CX**TE*8008087347~
AMT*AU*129.75~
SVC*HC:99214*291.44*129.75**0**1~
DTM*472*20241220~
CAS*CO*45*161.69*1~
REF*6R*324757~
AMT*B6*129.75~
SE*90*0003~
ST*835*0004~
BPR*I*94.62*C*CHK************20250114~
TRN*1*355174145*1341858379~
DTM*405*20250114~
N1*PR*JOHNS HOPKINS HEALTH PLANS~
N3*PO BOX 927~
N4*HANOVER*MD*21076~
PER*CX*EDI SUPPORT TEAM*FX*4408355656*TE*4408353511~
PER*BL*EDI SUPPORT TEAM~
N1*PE*WALDORF WOMEN'S CARE LLC*XX*1073806089~
N3*PO BOX 1100~
N4*WHITE PLAINS*MD*20695~
REF*TJ*275518339~
LX*1~
CLP*216251P13683*1*196.72*0**MC*250100765500*11~
NM1*QC*1*NEBLETT*MA TIA****MI*10038712300~
NM1*82*2*COOKE, ARYIAN L.*****XX*1124225222~
REF*CE*PRIORITY PARTNERS~
DTM*232*20241210~
DTM*050*20250110~
PER*CX**TE*4104244500~
SVC*HC:57454*196.72*0**0~
DTM*472*20241210~
CAS*PI*16*196.72*1~
REF*6R*324492~
LQ*HE*MA130~
CLP*217054P40132*1*206.7*94.62**MC*250100765300*11~
NM1*QC*1*PARKER*ZAIRE*M***MI*10027921800~
NM1*82*2*COOKE, ARYIAN L.*****XX*1124225222~
REF*CE*PRIORITY PARTNERS~
DTM*232*20241231~
DTM*050*20250110~
PER*CX**TE*4104244500~
AMT*AU*94.62~
SVC*HC:99213*206.7*94.62**1**0~
DTM*472*20241231~
CAS*CO*45*112.08*1~
REF*6R*325705~
AMT*B6*94.62~
SE*40*0004~
GE*4*17020~
IEA*1*000017020